<?xml version="1.0" encoding="UTF-8"?><record xmlns="http://www.loc.gov/MARC21/slim" xmlns:cinclude="http://apache.org/cocoon/include/1.0" xmlns:zs="http://www.loc.gov/zing/srw/">
  <leader>00393nz  a2200121n  4500</leader>
  <controlfield tag="001">n  99037230 </controlfield>
  <controlfield tag="003">DLC</controlfield>
  <controlfield tag="005">19990518120925.5</controlfield>
  <controlfield tag="008">990518n| acannaab|          |n aaa |||  </controlfield>
  <datafield tag="010" ind1=" " ind2=" ">
    <subfield code="a">n  99037230 </subfield>
  </datafield>
  <datafield tag="040" ind1=" " ind2=" ">
    <subfield code="a">DLC</subfield>
    <subfield code="b">eng</subfield>
    <subfield code="c">DLC</subfield>
  </datafield>
  <datafield tag="100" ind1="1" ind2=" ">
    <subfield code="a">Lau, Robert C.</subfield>
    <subfield code="q">(Robert Clark).</subfield>
    <subfield code="t">Ave, ave, the angel sang,</subfield>
    <subfield code="m">organ</subfield>
  </datafield>
  <datafield tag="670" ind1=" " ind2=" ">
    <subfield code="a">His Ave, ave, the angel sang, c1996:</subfield>
    <subfield code="b">t.p. (Ave, ave, the angel sang : for organ solo)</subfield>
  </datafield>
</record>